@misc{BVBonn,
  title = {Functions of Bounded Variation},
  howpublished = {\url{https://www.iam.uni-bonn.de/fileadmin/fanm/teaching/18s_bv/outline_bv.pdf}},
  note = {Accessed: 2023-03-21}
}

@misc{BVSchmidt,
  title = {Variationsprobleme in BV},
  howpublished = {\url{https://www.math.uni-hamburg.de/forschung/bereiche/am/geom-part-differentialgleichungen/dokumente/bv.pdf}},
  note = {Accessed: 2023-03-21}
}

@misc{CalcVarSchmidt,
  title = {Calculus of Variations},
  howpublished = {\url{https://www.math.uni-hamburg.de/en/forschung/bereiche/am/geom-part-differentialgleichungen/dokumente/calcvar.pdf}},
  note = {Accessed: 2023-03-21}
}

@article{Stinson_2021,
	doi = {10.1007/s00205-020-01602-7},
	url = {https://doi.org/10.1007%2Fs00205-020-01602-7},
	year = 2021,
	month = {feb},
	publisher = {Springer Science and Business Media {LLC}},
	volume = {240},
	number = {1},
	pages = {1--50},
	author = {Kerrek Stinson},
	title = {On {\textdollar}{\textdollar}{\(\varGamma\)} {\textdollar}{\textdollar}-Convergence of a Variational Model for Lithium-Ion Batteries}, 
	journal = {Archive for Rational Mechanics and Analysis}
}

@article{ContiTwoGradientPhase,
author = {Sergio Conti and Irene Fonseca and Giovanni Leoni},
title = {{A gamma-convergence result for the two-gradient theory of phase transitions}},
doi = {10.1002/cpa.10035},
journal = {Communications on pure and applied mathematics},
pages = {857--936},
year = {2002},
volume = {55},
number = {7},
issn = {0010-3640},
}

@article{ContiSchweizerSolidSolid,
author = {Sergio Conti and Ben Schweizer},
title = {{Rigidity and Gamma convergence for solid-solid phase transitions with SO(2)-invariance}},
doi = {10.1002/cpa.20115},
journal = {Communications on pure and applied mathematics},
pages = {830--868},
year = {2006},
volume = {59},
number = {6},
issn = {0010-3640},
}

@article{ambrosio2000variational,
  title={Variational models for phase transitions, an approach via $\Gamma$-convergence},
  author={Ambrosio, Luigi and Dancer, Norman and Alberti, G},
  journal={Calculus of Variations and Partial Differential Equations: Topics on Geometrical Evolution Problems and Degree Theory},
  pages={95--114},
  year={2000},
  publisher={Springer}
}

@Inbook{GiaquintaHildebrandtCalcVar,
author="Mariano Giaquinta and Stefan Hildebrandt",
bookTitle="Calculus of Variations I",
publisher="Springer Berlin Heidelberg",
isbn="978-3-662-03278-7",
doi="10.1007/978-3-662-03278-7",
url="https://doi.org/10.1007/978-3-662-03278-7"
}

@Inbook{ElstrodtMeas,
author = "Jürgen Elstrodt",
bookTitle = "Maß- und Integrationstheorie",
publisher = "Springer Berlin Heidelberg",
isbn="978-3-662-57939-8",
doi="10.1007/978-3-662-57939-8",
url="https://doi.org/10.1007/978-3-662-57939-8"
}

@Inbook{Rindler2018,
author="Rindler, Filip",
title="{\(\varGamma\)}-Convergence",
bookTitle="Calculus of Variations",
year="2018",
publisher="Springer International Publishing",
address="Cham",
pages="369--408",
isbn="978-3-319-77637-8",
doi="10.1007/978-3-319-77637-8_13",
url="https://doi.org/10.1007/978-3-319-77637-8_13"
}

@techreport{RelaxPaper,
  author  = "Christopher Sorg and Manuel Friedrich",
  title   = "Relaxierung (Die direkte Methode für nicht-unterhalbstetige Integralfunktionale",
  school  = "Friedrich-Alexander-Universität Erlangen-Nürnberg",
  year    = "2022",
  month   = nov
}

@misc{hairer2023global,
      title={Global existence for perturbations of the 2D stochastic Navier-Stokes equations with space-time white noise}, 
      author={Martin Hairer and Tommaso Rosati},
      year={2023},
      eprint={2301.11059},
      archivePrefix={arXiv},
      primaryClass={math.PR}
}

@Inbook{JostCalcVar,
author="Jürgen Jost and Xianqing Li-Jost",
bookTitle="Calculus of Variations",
year="1998",
publisher="Cambridge University Press",
pages="225--240",
url="https://www.mis.mpg.de/de/jjost/publikationen/calculus-of-variations.html"
}

@misc{BioDeGiorgi,
  title = {Ennio De Giorgi},
  howpublished = {\url{https://mathshistory.st-andrews.ac.uk/Biographies/De_Giorgi/}},
  note = {Accessed: 2023-03-27}
}

@Inbook{MasoGamma,
author="Gianni Maso",
bookTitle="An Introduction to {\(\varGamma\)}-Convergence",
year="1993",
publisher="Springer Science+Business Media New York 1993",
pages="38--45",
url="https://link.springer.com/book/10.1007/978-1-4612-0327-8"
}

@Inbook{BraidesGamma,
author="Andrea Braides",
bookTitle="{\(\varGamma\)}-convergence for Beginners",
year="2002",
publisher="Oxford University Press",
pages="19--101",
url="https://www.mis.mpg.de/de/jjost/publikationen/calculus-of-variations.html"
}

@Inbook{BraidesApprox,
author="Andrea Braides",
bookTitle="Approximation of Free-Discontinuity Problems",
year="1998",
publisher="Springer Berlin, Heidelberg",
pages="7--26",
url="https://doi.org/10.1007/BFb0097344"
}

@Inbook{EvansMeaTh,
author="Lawrence C. Evans and Ronald F. Gariepy",
bookTitle="Measure Theory and Fine Properties of Functions",
year="1992",
publisher="CRC Press",
pages="1--59, 166--226"
}

@Inbook{RindlerCalcVar,
author="Filip Rindler",
bookTitle="Calculus of Variations",
year="2018",
publisher="Springer Cham",
pages="24--26, 47--50",
url="https://doi.org/10.1007/978-3-319-77637-8"
}

@Inbook{AttouchCalcVar,
author = {Attouch, Hedy and Buttazzo, Giuseppe and Michaille, Gérard},
title = {Variational Analysis in Sobolev and BV Spaces},
publisher = {Society for Industrial and Applied Mathematics},
year = {2014},
doi = {10.1137/1.9781611973488},
address = {Philadelphia, PA},
URL = {https://epubs.siam.org/doi/abs/10.1137/1.9781611973488},
pages="217--256"
}

@misc{CoArea,
  title = {Fig 3 - uploaded by Brian Duffy},
  howpublished = {\url{https://www.researchgate.net/figure/Illustrating-the-coarea-formula-The-coarea-formula-allows-us-to-go-from-an-integral-on_fig2_23456235}},
  note = {Accessed: 2023-04-02}
}

@misc{RectCurve,
  title = {Figure 2 - uploaded by Yunfeng Hu},
  howpublished = {\url{https://www.researchgate.net/figure/Example-of-a-1-dimensional-rectifiable-set_fig2_323184530}},
  note = {Accessed: 2023-04-03}
}

@misc{DeGiorgiRecTheorem,
  title = {De Giorgi's structure theorem},
  howpublished = {\url{https://metaphor.ethz.ch/x/2020/fs/401-4530-20L/riccardo.pdf}},
  note = {Accessed: 2023-04-03}
}

@phdthesis{BVSobolev,
  author  = "Spector, Daniel",
  title   = "CHARACTERIZATION OF SOBOLEV AND BV
SPACES",
  school  = "Carnegie Mellon University",
  year    = 2011
}

@Inbook{DacorognaCalcVar,
author = {Dacorogna, Bernard},
title = {Direct Methods in the Calculus of Variations},
publisher = {Springer New York, NY},
year = {2008},
doi = {10.1007/978-0-387-55249-1},
URL = {https://doi.org/10.1007/978-0-387-55249-1},
pages="155--248"
}

@article{prokRand,
author = {Prokhorov, Yu. V.},
title = {Convergence of Random Processes and Limit Theorems in Probability Theory},
journal = {Theory of Probability \& Its Applications},
volume = {1},
number = {2},
pages = {157-214},
year = {1956},
doi = {10.1137/1101016},
URL = {https://doi.org/10.1137/1101016}
}

@misc{nguyen2019lipschitz,
      title={Lipschitz Continuity of Convex Functions}, 
      author={Bao Tran Nguyen and Pham Duy Khanh},
      year={2019},
      eprint={1911.04886},
      archivePrefix={arXiv},
      primaryClass={math.FA}
}

@article{BeckerKeimbildung,
author = {Becker, R.},
title = {Die Keimbildung bei der Ausscheidung in metallischen Mischkristallen},
journal = {Annalen der Physik},
volume = {424},
number = {1-2},
pages = {128-140},
doi = {https://doi.org/10.1002/andp.19384240115},
url = {https://onlinelibrary.wiley.com/doi/abs/10.1002/andp.19384240115},
year = {1938}
}

@article{CahnHilliard,
    author = {Cahn, John W. and Hilliard, John E.},
    title = "{Free Energy of a Nonuniform System. I. Interfacial Free Energy}",
    journal = {The Journal of Chemical Physics},
    volume = {28},
    number = {2},
    pages = {258-267},
    year = {2004},
    month = {08},
    issn = {0021-9606},
    doi = {10.1063/1.1744102},
    url = {https://doi.org/10.1063/1.1744102}
}

@misc{DoubleWellBerdecia,
  title = {Tunneling in a Quartic,  Symmetric, Double Well Potential},
  howpublished = {\url{https://courses.physics.ucsd.edu/2019/Spring/physics142/Labs/Lab4/tunneling.pdf}},
  note = {Accessed: 2023-04-20}
}

@misc{LiFedermann,
  title = {Modeling of Electrodes for Lithium-Ion Batteries (LiFePO\(_4\)), a phasefield approach},
  howpublished = {\url{https://www.spp1473.kit.edu/downloads/MPS_Phasefield_SomSch11.pdf}},
  note = {Accessed: 2023-04-20}
}

@article{mortola1977esempio,
  title={Un esempio di $\Gamma$--convergenza},
  author={Mortola, S and Modica, L},
  journal={Boll. UMI},
  volume={14},
  pages={285--299},
  year={1977}
}

@article{modica1987gradient,
  title={The gradient theory of phase transitions and the minimal interface criterion},
  author={Modica, Luciano},
  journal={Archive for Rational Mechanics and Analysis},
  volume={98},
  pages={123--142},
  year={1987},
  publisher={Springer-Verlag}
}

@article{gonzalez1983regularity,
  title={On the regularity of boundaries of sets minimizing perimeter with a volume constraint},
  author={Gonzalez, Eduardo and Massari, Umberto and Tamanini, Italo},
  journal={Indiana University Mathematics Journal},
  volume={32},
  number={1},
  pages={25--37},
  year={1983},
  publisher={JSTOR}
}

@article{federer1959curvature,
  title={Curvature measures},
  author={Federer, Herbert},
  journal={Transactions of the American Mathematical Society},
  volume={93},
  number={3},
  pages={418--491},
  year={1959}
}

@misc{LeoniGammaPhase,
  title = {GAMMA CONVERGENCE AND APPLICATIONS TO PHASE TRANSITIONS},
  howpublished = {\url{https://www.mat.univie.ac.at/~stefanelli/cv/paper1.pdf}},
  note = {Accessed: 2023-05-09}
}

@article{owen1991nonconvex,
  title={Nonconvex variational problems with anisotropic perturbations},
  author={Owen, Nicholas C and Sternberg, Peter},
  journal={Nonlinear Analysis: Theory, Methods \& Applications},
  volume={16},
  number={7-8},
  pages={705--719},
  year={1991},
  publisher={Elsevier}
}

@inproceedings{baldo1990minimal,
  title={Minimal interface criterion for phase transitions in mixtures of Cahn-Hilliard fluids},
  author={Baldo, Sisto},
  booktitle={Annales de l'Institut Henri Poincar{\'e} C, Analyse non lin{\'e}aire},
  volume={7},
  number={2},
  pages={67--90},
  year={1990},
  organization={Elsevier}
}

@article{braides1992almost,
  title={Almost periodic methods in the theory of homogenization},
  author={Braides, Andrea},
  journal={Applicable Analysis},
  volume={47},
  number={1-4},
  pages={259--277},
  year={1992},
  publisher={Taylor \& Francis}
}

@article{fonseca1989gradient,
  title={The gradient theory of phase transitions for systems with two potential wells},
  author={Fonseca, Irene and Tartar, Luc},
  journal={Proceedings of the Royal Society of Edinburgh Section A: Mathematics},
  volume={111},
  number={1-2},
  pages={89--102},
  year={1989},
  publisher={Royal Society of Edinburgh Scotland Foundation}
}

@article{ball1987fine,
  title={Fine phase mixtures as minimizers of energy},
  author={Ball, John M and James, Richard D},
  journal={Archive for Rational Mechanics and Analysis},
  volume={100},
  pages={13--52},
  year={1987},
  publisher={Springer-Verlag}
}

@article{young1942generalized,
  title={Generalized surfaces in the calculus of variations},
  author={Young, Laurence Chisholm},
  journal={Annals of mathematics},
  pages={84--103},
  year={1942},
  publisher={JSTOR}
}

@article{youngII1942generalized,
  title={Generalized surfaces in the calculus of variations. II},
  author={Young, Laurence C},
  journal={Annals of mathematics},
  pages={530--544},
  year={1942},
  publisher={JSTOR}
}

@inproceedings{ball2005version,
  title={A version of the fundamental theorem for Young measures},
  author={Ball, John M},
  booktitle={PDEs and Continuum Models of Phase Transitions: Proceedings of an NSF-CNRS Joint Seminar Held in Nice, France, January 18--22, 1988},
  pages={207--215},
  year={2005},
  organization={Springer}
}

@book{bethuel1999variational,
  title={Variational models for microstructure and phase transitions},
  author={Bethuel, Fabrice and Huisken, Gerhard and M{\"u}ller, Stefan and Steffen, Klaus and M{\"u}ller, Stefan},
  year={1999},
  publisher={Springer}
}

@article{wright1994tychonoff,
  title={Tychonoff’s theorem},
  author={Wright, David G},
  journal={Proceedings of the American Mathematical Society},
  volume={120},
  number={3},
  pages={985--987},
  year={1994}
}

@article{conti2006rigidity,
  title={Rigidity and gamma convergence for solid-solid phase transitions with SO (2) invariance},
  author={Conti, Sergio and Schweizer, Ben},
  journal={Communications on Pure and Applied Mathematics: A Journal Issued by the Courant Institute of Mathematical Sciences},
  volume={59},
  number={6},
  pages={830--868},
  year={2006},
  publisher={Wiley Online Library}
}

@article{davoli2020two,
  title={Two-well rigidity and multidimensional sharp-interface limits for solid--solid phase transitions},
  author={Davoli, Elisa and Friedrich, Manuel},
  journal={Calculus of Variations and Partial Differential Equations},
  volume={59},
  number={2},
  pages={44},
  year={2020},
  publisher={Springer}
}

@article{ball1984w1,
  title={W1, p-quasiconvexity and variational problems for multiple integrals},
  author={Ball, John M and Murat, Fran{\c{c}}ois},
  journal={Journal of functional analysis},
  volume={58},
  number={3},
  pages={225--253},
  year={1984},
  publisher={Elsevier}
}

@Article{zbMATH02639907,
 Author = {Vitali, G.},
 Title = {Sui gruppi di punti e sulle funzioni di variabili reali.},
 FJournal = {Atti della Accademia delle Scienze di Torino},
 Journal = {Torino Atti},
 Volume = {43},
 Pages = {229--246},
 Year = {1908},
 Language = {Italian},
 zbMATH = {2639907},
 JFM = {39.0101.05}
}

@misc{VitaliTheo,
  title = {Covering Theorems},
  howpublished = {\url{http://aurora.asc.tuwien.ac.at/~funkana/downloads_general/sem_talebi.pdf}},
  note = {Accessed: 2023-06-05}
}

@misc{LiAkkuSkillLync,
  title = {Week 1 Understanding Different Battery Chemistry},
  howpublished = {\url{https://skill-lync.com/student-projects/week-1-understanding-different-battery-chemistry-294}},
  note = {Accessed: 2023-06-05}
}

@misc{LyncPicLi,
  howpublished = {\url{https://sklc-tinymce-2021.s3.amazonaws.com/comp/2022/01/mceclip0_1642665078.png}},
  note = {Accessed: 2023-06-05}
}

@misc{NasaTensors,
  howpublished = {\url{https://www.grc.nasa.gov/www/k-12/Numbers/Math/documents/Tensors_TM2002211716.pdf}},
  note = {Accessed: 2023-06-06}
}

@article{marcellan2018weighted,
  title={Weighted Sobolev spaces: Markov-type inequalities and duality},
  author={Marcell{\'a}n, Francisco and Quintana, Yamilet and Rodr{\'\i}guez, Jos{\'e} M},
  journal={Bulletin of Mathematical Sciences},
  volume={8},
  pages={233--256},
  year={2018},
  publisher={Springer}
}

@phdthesis{stinson2021analysis,
  title={Analysis of a Variational Model for Lithium-Ion Batteries},
  author={Stinson, Kerrek},
  year={2021},
  school={Carnegie Mellon University}
}

@article{kraus2016existence,
  title={Existence of weak solutions for the Cahn-Hilliard reaction model including elastic effects and damage},
  author={Kraus, Christiane and Roggensack, Arne},
  year={2016}
}

@book{roubivcek2013nonlinear,
  title={Nonlinear partial differential equations with applications},
  author={Roub{\'\i}{\v{c}}ek, Tom{\'a}{\v{s}}},
  volume={153},
  year={2013},
  publisher={Springer Science \& Business Media}
}

@article{simon1986compact,
  title={Compact sets in the space L p (O, T; B)},
  author={Simon, Jacques},
  journal={Annali di Matematica pura ed applicata},
  volume={146},
  pages={65--96},
  year={1986},
  publisher={Springer}
}

@article{simon1978ecoulement,
  title={ECOULEMENT D'UN FLUIDE NON HOMOGENE AVEC UNE DENSITE INITIALE S'ANNULANT},
  author={Simon, Jacques},
  year={1978}
}

@book{falconer1985geometry,
  title={The geometry of fractal sets},
  author={Falconer, Kenneth J},
  number={85},
  year={1985},
  publisher={Cambridge university press}
}

@book{bishop2017fractals,
  title={Fractals in probability and analysis},
  author={Bishop, Christopher J and Peres, Yuval},
  volume={162},
  year={2017},
  publisher={Cambridge University Press}
}

@article{peres2003fractals,
  title={Fractals with positive length and zero Buffon needle probability},
  author={Peres, Yuval and Simon, K{\'a}roly and Solomyak, Boris},
  journal={The American mathematical monthly},
  volume={110},
  number={4},
  pages={314--325},
  year={2003},
  publisher={Taylor \& Francis}
}

@Misc{ 
  Mar22,
  author = { Marziani, Roberta },
  title = { $\Gamma$-convergence and stochastic homogenisation of phase-transition functionals },
  journal = { ESAIM: Control Optim. Calc. Var. },
  year = { 2022 },
  pages = { 32 },
  URL = { http://cvgmt.sns.it/paper/5599/ },
  note = { cvgmt preprint}
}

@Inbook{Goldstine1980,
author="Goldstine, Herman H.",
title="Fermat, Newton, Leibniz, and the Bernoullis",
bookTitle="A History of the Calculus of Variations from the 17th through the 19th Century",
year="1980",
publisher="Springer New York",
address="New York, NY",
pages="1--66",
isbn="978-1-4613-8106-8",
doi="10.1007/978-1-4613-8106-8_1",
url="https://doi.org/10.1007/978-1-4613-8106-8_1"
}

@book{phelps2009convex,
  title={Convex functions, monotone operators and differentiability},
  author={Phelps, Robert R},
  volume={1364},
  year={2009},
  publisher={Springer}
}

@article{chermisi2010multiwell,
  title={Multiwell rigidity in nonlinear elasticity},
  author={Chermisi, Milena and Conti, Sergio},
  journal={SIAM journal on mathematical analysis},
  volume={42},
  number={5},
  pages={1986--2012},
  year={2010},
  publisher={SIAM}
}

@article{chaudhuri2004rigidity,
  title={Rigidity estimate for two incompatible wells},
  author={Chaudhuri, Nirmalendu and M{\"u}ller, Stefan},
  journal={Calculus of Variations and Partial Differential Equations},
  volume={19},
  pages={379--390},
  year={2004},
  publisher={Springer}
}

@article{de2006simple,
  title={Simple proof of two-well rigidity},
  author={De Lellis, Camillo and Sz{\'e}kelyhidi, L{\'a}szl{\'o}},
  journal={Comptes Rendus. Math{\'e}matique},
  volume={343},
  number={5},
  pages={367--370},
  year={2006}
}

@article{jerrard2013multiwell,
  title={On multiwell Liouville theorems in higher dimension},
  author={Jerrard, Robert L and Lorent, Andrew},
  journal={Advances in Calculus of Variations},
  volume={6},
  number={3},
  pages={247--298},
  year={2013},
  publisher={Walter de Gruyter GmbH}
}

@book{brezis2011functional,
  title={Functional analysis, Sobolev spaces and partial differential equations},
  author={Brezis, Haim and Br{\'e}zis, Haim},
  volume={2},
  number={3},
  year={2011},
  publisher={Springer}
}

@article{fleming1960integral,
  title={An integral formula for total gradient variation},
  author={Fleming, Wendell H and Rishel, Raymond},
  journal={Archiv der Mathematik},
  volume={11},
  pages={218--222},
  year={1960},
  publisher={Springer}
}

@misc{hilbertproblems,
  title = {Hilbert’s Problems: 23 and Math},
  howpublished = {\url{https://www.simonsfoundation.org/2020/05/06/hilberts-problems-23-and-math/}},
  note = {Accessed: 2023-09-05}
}

@article{de1957sulla,
  title={Sulla differenziabilit{\`a} e l'analiticit{\`a} delle estremali degli integrali multipli regolari},
  author={De Giorgi, Ennio},
  journal={Mem. Accad. Sci. Torino},
  volume={3},
  pages={25--43},
  year={1957}
}

@article{nash1958continuity,
  title={Continuity of solutions of parabolic and elliptic equations},
  author={Nash, John},
  journal={American Journal of Mathematics},
  volume={80},
  number={4},
  pages={931--954},
  year={1958},
  publisher={JSTOR}
}

@article{fernandez2023regularity,
  title={Regularity theory for elliptic PDE},
  author={Fern{\'a}ndez-Real, Xavier and Ros-Oton, Xavier},
  journal={arXiv preprint arXiv:2301.01564},
  year={2023}
}

@article{ladyzhenskaya1968linear,
  title={Linear and quasilinear elliptic equations, Acad},
  author={Ladyzhenskaya, OA and Uraltseva, NN},
  journal={Press, New York},
  number={1968},
  year={1968}
}

@article{dibenedetto2016some,
  title={Some properties of DeGiorgi classes},
  author={DiBenedetto, Emmanuele and Gianazza, Ugo},
  journal={arXiv preprint arXiv:1604.07699},
  year={2016}
}

@book{maggi2012sets,
  title={Sets of finite perimeter and geometric variational problems: an introduction to Geometric Measure Theory},
  author={Maggi, Francesco},
  number={135},
  year={2012},
  publisher={Cambridge University Press}
}

@article{federer1947k,
  title={The (\(\phi\), k) rectifiable subsets of n space},
  author={Federer, Herbert},
  journal={Trans. Amer. Math. Soc},
  volume={62},
  number={191},
  pages={7},
  year={1947}
}

@book{federer2014geometric,
  title={Geometric measure theory},
  author={Federer, Herbert},
  year={2014},
  publisher={Springer}
}